@book{kors,
  title={Fellow Creatures: Our Obligations to the Other Animals},
  author={Korsgaard, C.M.},
  isbn={9780198753858},
  lccn={2017958459},
  series={Fellow Creatures: Our Obligations to the Other Animals},
  url={https://books.google.com/books?id=Bv9eDwAAQBAJ},
  year={2018},
  publisher={Oxford University Press}
}

